@Book{Martini2015,
  title     = {Fundamentals of Anatomy and Physiology},
  publisher = {Pearson Education},
  year      = {2015},
  author    = {Martini, Frederic H and Nath, Judi L and Bartholomew, Edwin F},
  edition   = {10th edition. Global edition.},
  isbn      = {978-1-292-05721-7},
  doi       = {ISBN: 978-1-292-05721-7},
}


@Book{TSchroeder2016,
  title     = {Basisbog i medicin og kirurgi},
  publisher = {Munksgaard},
  year      = {2016},
  author    = {Torben V. Shroeder and Svend Schulze and Jannik Hilsted and Liv Gotzche},
  edition   = {6. udgave},
  isbn      = {978-87-628-1295.6},
  doi       = {ISBN: 978-87-628-1295.6},
}

@article{InteractiveTelemedicine,
author={Flodgren,G. and Rachas,A. and Farmer,A. J. and Inzitari,M. and Shepperd,S.},
year={2015},
title={Interactive telemedicine: effects on professional practice and health care outcomes.},
journal={Cochrane Database of Systematic Reviews},
number={9},
}